<?xml version="1.0" encoding="UTF-8"?><record xmlns="http://www.loc.gov/MARC21/slim" xmlns:cinclude="http://apache.org/cocoon/include/1.0" xmlns:zs="http://www.loc.gov/zing/srw/">
  <leader>00902cz  a2200217n  4500</leader>
  <controlfield tag="001">n  86737857 </controlfield>
  <controlfield tag="003">DLC</controlfield>
  <controlfield tag="005">19940308135734.6</controlfield>
  <controlfield tag="008">861016n| acaabaaa|          |a ana |||  </controlfield>
  <datafield tag="010" ind1=" " ind2=" ">
    <subfield code="a">n  86737857 </subfield>
  </datafield>
  <datafield tag="040" ind1=" " ind2=" ">
    <subfield code="a">DLC</subfield>
    <subfield code="c">DLC</subfield>
    <subfield code="d">DLC</subfield>
  </datafield>
  <datafield tag="130" ind1=" " ind2="0">
    <subfield code="a">Technical Press-Unicom applied information technology reports series</subfield>
  </datafield>
  <datafield tag="430" ind1=" " ind2="0">
    <subfield code="a">Applied information technology reports series</subfield>
  </datafield>
  <datafield tag="410" ind1="2" ind2="0">
    <subfield code="a">Unicom Seminars Ltd.</subfield>
    <subfield code="t">Technical Press-Unicom applied information technology reports series</subfield>
  </datafield>
  <datafield tag="530" ind1=" " ind2="0">
    <subfield code="a">Unicom applied information technology</subfield>
  </datafield>
  <datafield tag="643" ind1=" " ind2=" ">
    <subfield code="a">Aldershot, Hants, England</subfield>
    <subfield code="a">Brookfield, Vt., U.S.A.</subfield>
    <subfield code="b">Technical Press in association with Unicom Seminars Ltd.</subfield>
  </datafield>
  <datafield tag="644" ind1=" " ind2=" ">
    <subfield code="a">f</subfield>
    <subfield code="5">DLC</subfield>
  </datafield>
  <datafield tag="645" ind1=" " ind2=" ">
    <subfield code="a">t</subfield>
    <subfield code="5">DLC</subfield>
  </datafield>
  <datafield tag="646" ind1=" " ind2=" ">
    <subfield code="a">s</subfield>
    <subfield code="5">DLC</subfield>
  </datafield>
  <datafield tag="670" ind1=" " ind2=" ">
    <subfield code="a">Information technology in physical distribution management, c1986:</subfield>
    <subfield code="b">ser. t.p.</subfield>
  </datafield>
  <datafield tag="675" ind1=" " ind2=" ">
    <subfield code="a">Integrated software reuse, 1993: CIP t.p. (Unicom applied information technology)</subfield>
  </datafield>
</record>